<record xmlns:xsi="http://www.w3.org/2001/XMLSchema-instance" xmlns="http://www.loc.gov/MARC21/slim" xsi:schemaLocation="http://www.loc.gov/MARC21/slim http://www.loc.gov/standards/marcxml/schema/MARC21slim.xsd">

  <leader>00725nam a2200181   4500</leader>
  <datafield tag="999" ind2=" " ind1=" ">
    <subfield code="c">3056</subfield>
    <subfield code="d">3056</subfield>
  </datafield>
  <controlfield tag="008">160128b2014    cr ||||| |||| 00| | spa d</controlfield>
  <datafield ind1=" " ind2=" " tag="090">
    <subfield code="a">14.02.02</subfield>
    <subfield code="b">2252</subfield>
  </datafield>
  <datafield tag="100" ind2=" " ind1="1">
    <subfield code="9">1379</subfield>
    <subfield code="a">Grosser Guillén, Kattya</subfield>
  </datafield>
  <datafield tag="245" ind2=" " ind1=" ">
    <subfield code="a">Adolescencia e institución educativa: relaciones de poder-saber y subjetividad / </subfield>
    <subfield code="c">Kattya Grosser Guillén</subfield>
  </datafield>
  <datafield ind1=" " ind2=" " tag="260">
    <subfield code="a">[San José, Costa Rica] :</subfield>
    <subfield code="b">INIE,</subfield>
    <subfield code="c">2014</subfield>
  </datafield>
  <datafield ind2=" " tag="300" ind1=" ">
    <subfield code="a">1 volumen sin paginar</subfield>
  </datafield>
  <datafield ind1=" " ind2=" " tag="500">
    <subfield code="a">Informe final de proyecto de investigación Nº 724-B3-036</subfield>
  </datafield>
  <datafield ind1=" " tag="500" ind2=" ">
    <subfield code="a">La Unidad tambien posee informe de Proyecto de Acción Social ED-3058</subfield>
  </datafield>
  <datafield ind1="1" tag="650" ind2="4">
    <subfield code="9">5</subfield>
    <subfield code="a">ADOLESCENTES</subfield>
  </datafield>
  <datafield ind1="1" tag="650" ind2="4">
    <subfield code="9">1380</subfield>
    <subfield code="a">INSTITUCIONES DE ENSEÑANZA</subfield>
  </datafield>
  <datafield ind1="1" ind2="4" tag="650">
    <subfield code="9">1021</subfield>
    <subfield code="a">RELACIONES ENTRE DOCENTES Y ALUMNOS </subfield>
  </datafield>
  <datafield ind1=" " tag="942" ind2=" ">
    <subfield code="2">z</subfield>
    <subfield code="c">04</subfield>
  </datafield>
</record>